<?xml version = "1.0" encoding = "UTF-8"?><OAI-PMH xmlns="http://www.openarchives.org/OAI/2.0/" xmlns:xsi="http://www.w3.org/2001/XMLSchema-instance" xsi:schemaLocation="http://www.openarchives.org/OAI/2.0/ http://www.openarchives.org/OAI/2.0/OAI-PMH.xsd"><ListRecords><record><header><identifier>aleph-publish:019010347</identifier></header><metadata><record xmlns="http://www.ddb.de/professionell/mabxml/mabxml-1.xsd"><leader>------M2.01200024------h</leader><controlfield tag="LDR">------M2.01200024------h</controlfield><controlfield tag="FMT">MH</controlfield><datafield tag="001" ind1="-" ind2="1"><subfield code="a">HT017105671</subfield></datafield><datafield tag="002" ind1="a" ind2="1"><subfield code="a">20120119</subfield></datafield><datafield tag="026" ind1="-" ind2="1"><subfield code="a">HBZHT017105671</subfield></datafield><controlfield tag="030">a|1uc||||||17</controlfield><datafield tag="036" ind1="a" ind2="1"><subfield code="a">CN</subfield></datafield><datafield tag="037" ind1="b" ind2="1"><subfield code="a">chi</subfield></datafield><controlfield tag="050">a|||||||||||||</controlfield><controlfield tag="051">m|||||||</controlfield><datafield tag="070" ind1="-" ind2="1"><subfield code="a">5/141</subfield></datafield><datafield tag="078" ind1="f" ind2="1"><subfield code="a">chin</subfield></datafield><datafield tag="080" ind1="-" ind2="1"><subfield code="a">60</subfield></datafield><datafield tag="100" ind1="-" ind2="1"><subfield code="p">Tang, Changru</subfield><subfield code="9">(DE-588)152718036</subfield></datafield><datafield tag="A00" ind1="-" ind2="1"><subfield code="a">唐, 长孺</subfield><subfield code="6">Hans</subfield></datafield><datafield tag="101" ind1="-" ind2="1"><subfield code="p">Tang, Chang-Ru</subfield></datafield><datafield tag="101" ind1="-" ind2="1"><subfield code="p">T&apos;ang, Ch&apos;ang-ju</subfield></datafield><datafield tag="331" ind1="a" ind2="1"><subfield code="a">Wei Jin Nanbeichao shi luncong</subfield></datafield><datafield tag="C31" ind1="a" ind2="1"><subfield code="a">魏晋南北朝史论丛</subfield><subfield code="6">Hans</subfield></datafield><datafield tag="359" ind1="-" ind2="1"><subfield code="a">Tang Changru zhu</subfield></datafield><datafield tag="C59" ind1="-" ind2="1"><subfield code="a">唐长孺著</subfield><subfield code="6">Hans</subfield></datafield><datafield tag="403" ind1="-" ind2="1"><subfield code="a">Di 1-ban, di 1-ci yinshua</subfield></datafield><datafield tag="D03" ind1="-" ind2="1"><subfield code="a">第1版,第1次印刷</subfield><subfield code="6">Hans</subfield></datafield><datafield tag="410" ind1="-" ind2="1"><subfield code="a">Beijing</subfield></datafield><datafield tag="D10" ind1="-" ind2="1"><subfield code="a">北京</subfield><subfield code="6">Hans</subfield></datafield><datafield tag="412" ind1="-" ind2="1"><subfield code="a">Shangwu Yinshuguan</subfield></datafield><datafield tag="D12" ind1="-" ind2="1"><subfield code="a">商务印书馆</subfield><subfield code="6">Hans</subfield></datafield><datafield tag="425" ind1="a" ind2="1"><subfield code="a">2010</subfield></datafield><datafield tag="433" ind1="-" ind2="1"><subfield code="a">VII, 454 S. : Ill.</subfield></datafield><datafield tag="451" ind1="-" ind2="1"><subfield code="a">Zhonghua xiandai xueshu mingzhu congshu</subfield></datafield><datafield tag="D51" ind1="-" ind2="1"><subfield code="a">中华现代学术名著丛书</subfield><subfield code="6">Hans</subfield></datafield><datafield tag="503" ind1="-" ind2="1"><subfield code="p">Übers. d. Hauptsacht.</subfield><subfield code="a">Gesammelte Erörterungen zur Geschichte der Dynastien Wei, Jin, der Südlichen und Nördlichen Dynastien</subfield></datafield><datafield tag="516" ind1="-" ind2="1"><subfield code="a">In chines. Schr.</subfield></datafield><datafield tag="540" ind1="a" ind2="1"><subfield code="a">978-7-100-07451-3</subfield></datafield><datafield tag="670" ind1="-" ind2="1"><subfield code="a">Wei Jin Nan bei chao shi lun cong</subfield></datafield><datafield tag="670" ind1="-" ind2="1"><subfield code="a">Zhong hua xian dai xue shu ming zhu cong shu</subfield></datafield><datafield tag="700" ind1="b" ind2="1"><subfield code="a">951.015</subfield><subfield code="c">22</subfield></datafield><controlfield tag="SYS">019010347</controlfield><datafield tag="LOW" ind1="-" ind2="1"><subfield code="a">Q1026</subfield></datafield><datafield tag="088" ind1=" " ind2=" "><subfield code="a">5/141</subfield><subfield code="b">00091080</subfield><subfield code="c">951.015 T164 W415 1955</subfield><subfield code="e">keine ILL</subfield></datafield></record></metadata></record></ListRecords></OAI-PMH>